@misc{webcvut,
  title = {{České vysoké učení technické v Praze}},
  howpublished = {\url{http://www.cvut.cz}},
  note = {online: 2018-03-22}
}

@misc{bibman,
  title = {{LaTeX - Bibliography Management}},
  howpublished = {\url{https://en.wikibooks.org/wiki/LaTeX/Bibliography_Management}},
  note = {online: 2018-03-22}
}
